

@onlynote{2018,
  note = "2018 年 10 月，学业三等奖学金"
}

@onlynote{2019,
  note = "2019 年 10 月，学业二等奖学金"
}