
%[1] 周志华. 机器学习[M]. 清华大学出版社, 2016.

@onlynote{zhouzh2016,
  note = {周志华. 机器学习[M]. 清华大学出版社, 2016.}
}

%[2] Norris J R, Norris J R. [M]. Cambridge university press, 1998.

@onlynote{norris1998markov,
  note = {Norris J R, Norris J R. Markov chains[M]. Cambridge university press, 1998.}
}


%[3] Rand W M. Objective criteria for the evaluation of clustering methods[J]. Journal of the American Statistical association, 1971, 66(336): 846-850.

@onlynote{rand1971objective,
  note = {Rand W M. Objective criteria for the evaluation of clustering methods[J]. Journal of the American Statistical association, 1971, 66(336): 846-850.}
}

%[4] Wang L, Tao J, Ranjan R, et al. G-Hadoop: MapReduce across distributed data centers for data-intensive computing[J]. Future Generation Computer Systems, 2013, 29(3): 739-750.

@onlynote{wang2013g,
  note = {Wang L, Tao J, Ranjan R, et al. G-Hadoop: MapReduce across distributed data centers for data-intensive computing[J]. Future Generation Computer Systems, 2013, 29(3): 739-750.}
}

%[5] Dean J, Corrado G, Monga R, et al. Large scale distributed deep networks[C]//Advances in neural information processing systems. 2012: 1223-1231.

@onlynote{dean2012large,
  note = {Dean J, Corrado G, Monga R, et al. Large scale distributed deep networks[C]. Advances in neural information processing systems. 2012: 1223-1231.}
}

%[6] He Y, Tan H, Luo W, et al. Mr-dbscan: an efficient parallel density-based clustering algorithm using mapreduce[C]//2011 IEEE 17th International Conference on Parallel and Distributed Systems. IEEE, 2011: 473-480.

@onlynote{he2011mr,
  note = {He Y, Tan H, Luo W, et al. Mr-dbscan: an efficient parallel density-based clustering algorithm using mapreduce[C]. 2011 IEEE 17th International Conference on Parallel and Distributed Systems. IEEE, 2011: 473-480.}
}


%[7] Eshref Januzaj, Hans-Peter Kriegel, Martin Pfeifle. Scalable Density-Based Distributed Clustering[C]// European Conference on Principles of Data Mining and Knowledge Discovery. Springer, Berlin, Heidelberg, 2004.

@onlynote{Januzaj2004Scalable,
  note = {Januzaj E, Kriegel H P, Pfeifle M. Scalable density-based distributed clustering[C]. European Conference on Principles of Data Mining and Knowledge Discovery. Springer, Berlin, Heidelberg, 2004: 231-244.}
}

%[8] Klusch M , Lodi S , Moro G . Distributed Clustering Based on Sampling Local Density Estimates.[C]// International Joint Conference on Artificial Intelligence. Morgan Kaufmann Publishers Inc. 2003.

@onlynote{Klusch2003Distributed,
  note = {Klusch, Matthias, Lodi, Stefano, Moro, Gianluca. Distributed Clustering Based on Sampling Local Density Estimates.[C]. International Joint Conference on Artificial Intelligence. Morgan Kaufmann Publishers Inc. 2003.}
}

%[9] Kantabutra S, Couch A L. Parallel K-means clustering algorithm on NOWs[J]. NECTEC Technical journal, 2000, 1(6): 243-247.

@onlynote{kantabutra2000parallel,
  note = {Kantabutra S, Couch A L. Parallel K-means clustering algorithm on NOWs[J]. NECTEC Technical journal, 2000, 1(6): 243-247.}
}

%[10] 郑苗苗, 吉根林, ZhengMiaomiao,等. DK-Means——分布式聚类算法K-Dmeans的改进[J]. 计算机研究与发展, 2007, 44(z2):84-88.

@onlynote{郑苗苗2007DK,
  note = {郑苗苗, 吉根林. DK-Means——分布式聚类算法 K-Dmeans 的改进[J]. 计算机研究与发展, 2007 (z2): 84-88.}
}

%[11]  李锁花, 孙志挥, 周晓云. 基于特征向量的分布式聚类算法[J]. 计算机应用, 2006(02):125-128.

@onlynote{李锁花基于特征向量的分布式聚类算法,
  note = {李锁花, 孙志挥, 周晓云. 基于特征向量的分布式聚类算法[J]. 计算机应用, 2006, 26(2).}
}

%[12] 姚瑶, 吉根林. 一种基于隐私保护的分布式聚类算法[J]. 计算机科学, 2009(03):106-108+111.

@onlynote{姚瑶一种基于隐私保护的分布式聚类算法,
  note = {姚瑶, 吉根林. 一种基于隐私保护的分布式聚类算法[J]. 计算机科学, 2009, 036(003):100-102,105.}
}

%[13] Gaffney S, Smyth P. Trajectory clustering with mixtures of regression models[C]//Proceedings of the fifth ACM SIGKDD international conference on Knowledge discovery and data mining. 1999: 63-72.

@onlynote{gaffney1999trajectory,
  note = {Gaffney S, Smyth P. Trajectory clustering with mixtures of regression models[C]. Proceedings of the fifth ACM SIGKDD international conference on Knowledge discovery and data mining. 1999: 63-72.}
}

%[14] Chudova D, Gaffney S, Mjolsness E, et al. Translation-invariant mixture models for curve clustering[C]//Proceedings of the ninth ACM SIGKDD international conference on Knowledge discovery and data mining. 2003: 79-88.

@onlynote{chudova2003translation,
  note = {Chudova D, Gaffney S, Mjolsness E, et al. Translation-invariant mixture models for curve clustering[C]. Proceedings of the ninth ACM SIGKDD international conference on Knowledge discovery and data mining. 2003: 79-88.}
}


%[15] Alon J, Sclaroff S, Kollios G, et al. Discovering clusters in motion time-series data[C]//2003 IEEE Computer Society Conference on Computer Vision and Pattern Recognition, 2003. Proceedings. IEEE, 2003, 1: I-I.

@onlynote{alon2003discovering,
  note = {Alon J, Sclaroff S, Kollios G, et al. Discovering clusters in motion time-series data[C]//2003 IEEE Computer Society Conference on Computer Vision and Pattern Recognition, 2003. Proceedings. IEEE, 2003, 1: I-I.}
}

%[16] Nanni M, Pedreschi D. Time-focused clustering of trajectories of moving objects[J]. Journal of Intelligent Information Systems, 2006, 27(3): 267-289.
@onlynote{nanni2006time,
  note = {Nanni M, Pedreschi D. Time-focused clustering of trajectories of moving objects[J]. Journal of Intelligent Information Systems, 2006, 27(3): 267-289.}
}

%[17] Veloso M, Phithakkitnukoon S, Bento C. Urban mobility study using taxi traces[C]//Proceedings of the 2011 international workshop on Trajectory data mining and analysis. 2011: 23-30.

@onlynote{veloso2011urban,
  note = {Veloso M, Phithakkitnukoon S, Bento C. Urban mobility study using taxi traces[C]. Proceedings of the 2011 international workshop on Trajectory data mining and analysis. 2011: 23-30.}
}


%[18] Zhang Z, Huang K, Tan T. Comparison of similarity measures for trajectory clustering in outdoor surveillance scenes[C]//18th International Conference on Pattern Recognition (ICPR'06). IEEE, 2006, 3: 1135-1138.

@onlynote{zhang2006comparison,
  note = {Zhang Z, Huang K, Tan T. Comparison of similarity measures for trajectory clustering in outdoor surveillance scenes[C]. 18th International Conference on Pattern Recognition (ICPR'06). IEEE, 2006, 3: 1135-1138.}
}

%[19] Chen J, Wang R, Liu L, et al. Clustering of trajectories based on Hausdorff distance[C]//2011 International Conference on Electronics, Communications and Control (ICECC). IEEE, 2011: 1940-1944.

@onlynote{chen2011clustering,
  note = {Chen J, Wang R, Liu L, et al. Clustering of trajectories based on Hausdorff distance[C]. 2011 International Conference on Electronics, Communications and Control (ICECC). IEEE, 2011: 1940-1944.}
}

%[20] Rick C. Efficient computation of all longest common subsequences[C]//Scandinavian Workshop on Algorithm Theory. Springer, Berlin, Heidelberg, 2000: 407-418.

@onlynote{rick2000efficient,
  note = {Rick C. Efficient computation of all longest common subsequences[C]. Scandinavian Workshop on Algorithm Theory. Springer, Berlin, Heidelberg, 2000: 407-418.}
}


%[21] Palma A T, Bogorny V, Kuijpers B, et al. A clustering-based approach for discovering interesting places in trajectories[C]//Proceedings of the 2008 ACM symposium on Applied computing. 2008: 863-868.
@onlynote{Palma2008A,
  note = {Palma A T, Bogorny V, Kuijpers B, et al. A clustering-based approach for discovering interesting places in trajectories[C]. Proceedings of the 2008 ACM symposium on Applied computing. 2008: 863-868.}
}


%[22] Jeung H, Yiu M L, Zhou X, et al. Discovery of convoys in trajectory databases[J]. Proceedings of the VLDB Endowment, 2008, 1(1): 1068-1080.
@onlynote{jeung2008discovery,
  note = {Jeung H, Yiu M L, Zhou X, et al. Discovery of convoys in trajectory databases[J]. Proceedings of the VLDB Endowment, 2008, 1(1): 1068-1080.}
}

%[23] Hung C C , Peng W C , Lee W C . Clustering and aggregating clues of trajectories for mining trajectory patterns and routes[J]. The VLDB Journal, 2015, 24(2):169-192.
@onlynote{ChihClustering,
  note = {Hung C C, Peng W C, Lee W C. Clustering and aggregating clues of trajectories for mining trajectory patterns and routes[J]. The VLDB Journal, 2015, 24(2): 169-192.}
}


%[24] Lee J G, Han J, Whang K Y. Trajectory clustering: a partition-and-group framework[C]//Proceedings of the 2007 ACM SIGMOD international conference on Management of data. 2007: 593-604.
@onlynote{lee2007trajectory,
  note = {Lee J G, Han J, Whang K Y. Trajectory clustering: a partition-and-group framework[C]. Proceedings of the 2007 ACM SIGMOD international conference on Management of data. 2007: 593-604.}
}


%[25] Buchin M, Driemel A, Van Kreveld M, et al. Segmenting trajectories: A framework and algorithms using spatiotemporal criteria[J]. Journal of Spatial Information Science, 2011, 2011(3): 33-63.
@onlynote{buchin2011segmenting,
  note = {Buchin M, Driemel A, Van Kreveld M, et al. Segmenting trajectories: A framework and algorithms using spatiotemporal criteria[J]. Journal of Spatial Information Science, 2011, 2011(3): 33-63.}
}

%[26] Fan Q , Zhang D , Wu H , et al. A general and parallel platform for mining co-movement patterns over large-scale trajectories[J]. Proceedings of the VLDB Endowment, 2016, 10(4):313-324.
@onlynote{FanA,
  note = {Fan Q, Zhang D, Wu H, et al. A general and parallel platform for mining co-movement patterns over large-scale trajectories[J]. Proceedings of the VLDB Endowment, 2016, 10(4): 313-324.}
}

%[27] Hartigan J A, Wong M A. Algorithm AS 136: A k-means clustering algorithm[J]. Journal of the Royal Statistical Society. Series C (Applied Statistics), 1979, 28(1): 100-108.
@onlynote{hartigan1979algorithm,
  note = {Hartigan J A, Wong M A. Algorithm AS 136: A k-means clustering algorithm[J]. Journal of the Royal Statistical Society. Series C (Applied Statistics), 1979, 28(1): 100-108.}
}

%[28] Dempster A P, Laird N M, Rubin D B. Maximum likelihood from incomplete data via the EM algorithm[J]. Journal of the Royal Statistical Society: Series B (Methodological), 1977, 39(1): 1-22.
@onlynote{AMaximum,
  note = {Dempster A P, Laird N M, Rubin D B. Maximum likelihood from incomplete data via the EM algorithm[J]. Journal of the Royal Statistical Society: Series B (Methodological), 1977, 39(1): 1-22.}
}

%[29] RDUSSEEUN L K P J. Clustering by means of medoids[J]. 1987.
@onlynote{rdusseeun1987clustering,
  note = {Park H S, Jun C H. A simple and fast algorithm for K-medoids clustering[J]. Expert systems with applications, 2009, 36(2): 3336-3341.}
}


%[30] Buluç A, Fineman J T, Frigo M, et al. Parallel sparse matrix-vector and matrix-transpose-vector multiplication using compressed sparse blocks[C]//Proceedings of the twenty-first annual symposium on Parallelism in algorithms and architectures. 2009: 233-244.
@onlynote{bulucc2009parallel,
  note = {Buluç A, Fineman J T, Frigo M, et al. Parallel sparse matrix-vector and matrix-transpose-vector multiplication using compressed sparse blocks[C]. Proceedings of the twenty-first annual symposium on Parallelism in algorithms and architectures. 2009: 233-244.}
}


%[31] Cranor L F, Reagle J, Ackerman M S. Beyond concern: Understanding net users’ attitudes about online privacy[J]. The Internet upheaval: raising questions, seeking answers in communications policy, 2000: 47-70.

@onlynote{cranor2000beyond,
  note = {Cranor L F, Reagle J, Ackerman M S. Beyond concern: Understanding net users’ attitudes about online privacy[J]. The Internet upheaval: raising questions, seeking answers in communications policy, 2000: 47-70.}
}

%[32] Vaidya J, Clifton C. Privacy preserving association rule mining in vertically partitioned data[C]//Proceedings of the eighth ACM SIGKDD international conference on Knowledge discovery and data mining. 2002: 639-644.


@onlynote{Vaidya2002Privacy,
  note = {Vaidya J, Clifton C. Privacy preserving association rule mining in vertically partitioned data[C]//Proceedings of the eighth ACM SIGKDD international conference on Knowledge discovery and data mining. 2002: 639-644.}
}

%[33] JIAWEI HAN MICHELINE KAMBER. 数据挖掘概念与技术(原书第2版)(计算机科学丛书)[M]. 2008.
@onlynote{JIAWEI2008数据挖掘概念与技术,
  note = {韩家炜, 范明, 孟小峰. 数据挖掘: 概念与技术[M]. 机械工业出版社, 2012.}
}


%[34] Merugu S, Ghosh J. Privacy-preserving distributed clustering using generative models[C]//Third IEEE International Conference on Data Mining. IEEE, 2003: 211-218.
@onlynote{merugu2003privacy,
  note = {Merugu S, Ghosh J. Privacy-preserving distributed clustering using generative models[C]. Third IEEE International Conference on Data Mining. IEEE, 2003: 211-218.}
}


%[35] 张国荣, 印鉴. 分布式环境下保持隐私的聚类挖掘算法[J]. 计算机工程与应用, 2007(18):165-167.
@onlynote{张国荣2007分布式环境下保持隐私的聚类挖掘算法,
  note = {张国荣, 印鉴. 分布式环境下保持隐私的聚类挖掘算法[J]. 计算机工程与应用, 2007, 043(018):165-167,180.}
}

%[36] 杨林, 张霞萍, 白治国, et al. 基于SMC协议的分布式聚类分析隐私保护的研究[J]. 计算机工程与设计, 2008(21):24-26.
@onlynote{杨林基于,
  note = {杨林, 张霞萍, 白治国,等. 基于SMC协议的分布式聚类分析隐私保护的研究[J]. 计算机工程与设计, 2008, 029(021):5424-5426.}
}


%[37] Patel S J, Punjani D, Jinwala D C. An efficient approach for privacy preserving distributed clustering in semi-honest model using elliptic curve cryptography[J]. International Journal of Network Security, 2015, 17(3): 328-339.
@onlynote{patel2015efficient,
  note = {Patel S J, Punjani D, Jinwala D C. An efficient approach for privacy preserving distributed clustering in semi-honest model using elliptic curve cryptography[J]. International Journal of Network Security, 2015, 17(3): 328-339.}
}


%[38] 肖源. 分布式车辆时空轨迹异常检测算法研究[D]. 武汉理工大学.
@onlynote{肖源分布式车辆时空轨迹异常检测算法研究,
  note = {肖源. 分布式车辆时空轨迹异常检测算法研究[D].武汉理工大学,2017.}
}


%[39] Jiayu W , Zhenyu Z , Zheng C , et al. A trajectory data density partition based distributed parallel clustering method[J]. Journal of University of Science and Technology of China, 2018.
@onlynote{Wang2018A,
  note = {王佳玉, 张振宇, 褚征,等. 一种基于轨迹数据密度分区的分布式并行聚类方法[J]. 中国科学技术大学学报, 2018, 048(001):47-56.}
}


%[40] Mao J, Song Q, Jin C, et al. TSCluWin: Trajectory Stream Clustering over Sliding Window[M]// Database Systems for Advanced Applications. 2016.
@onlynote{Mao2016TSCluWin,
  note = {Mao J, Song Q, Jin C, et al. Tscluwin: trajectory stream clustering over sliding window[C]. International Conference on Database Systems for Advanced Applications. Springer, Cham, 2016: 133-148.}
}


%[41] Deng Z, Hu Y, Zhu M, et al. A scalable and fast OPTICS for clustering trajectory big data[J]. Cluster Computing, 2015, 18(2): 549-562.
@onlynote{deng2015scalable,
  note = {Deng Z, Hu Y, Zhu M, et al. A scalable and fast OPTICS for clustering trajectory big data[J]. Cluster Computing, 2015, 18(2): 549-562.}
}

%[42] Neal R M, Hinton G E. A view of the EM algorithm that justifies incremental, sparse, and other variants[M]//Learning in graphical models. Springer, Dordrecht, 1998: 355-368.
@onlynote{neal1998view,
  note = {Neal R M, Hinton G E. A view of the EM algorithm that justifies incremental, sparse, and other variants[M]. Learning in graphical models. Springer, Dordrecht, 1998: 355-368.}
}


%[43] 李航. 统计学习方法[M]. Qing hua da xue chu ban she, 2012.
@onlynote{李航2012统计学习方法,
  note = {李航. 统计学习方法[M]. 清华大学出版社, 2012.}
}
